%% This BibTeX bibliography file was created using BibDesk.
%% https://bibdesk.sourceforge.io/

%% Created for roman at 2021-12-12 20:40:20 +0100 


%% Saved with string encoding Unicode (UTF-8) 



@url{ihk_wsb,
	url = {https://www.ihk-wiesbaden.de/recht/rechtsberatung/personal/auswirkungen-des-gleichbehandlungsgesetzes-agg-auf-stellenaussc-1255690},
	author = {{Scheibig, B.},{B{\"o}rner, F.}},
	date-added = {2021-12-07 11:02:47 +0100},
	date-modified = {2021-12-12 20:39:55 +0100},
	edition = {Nr. 3553},
	organization = {IHK Wiesbaden},
	title = {AGG bei Stellenausschreibungen und Bewerbungsverfahren},
	subtitle = {online, abgerufen am 14.12.2021},
	urldate = {12.12.2021}}


@misc{ads_pub,
	address = {11018 Berlin},
	date-added = {2021-12-07 10:56:35 +0100},
	date-modified = {2021-12-07 10:59:11 +0100},
	edition = {13. Auflage},
	month = {Mai},
	organization = {Antidiskriminierungsstelle des Bundes},
	title = {Allgemeines Gleichbehandlungsgesetz (AGG)},
	year = {2020}}

@misc{agg,
	date-added = {2021-12-06 23:19:08 +0100},
	date-modified = {2021-12-06 23:22:42 +0100},
	subtitle = {Allgemeines Gleichbehandlungsgesetz},
	title = {AGG},
	year = {2006}}

@manual{main,
	adress = {Wiesbaden},
	author = {{R{\"u}hl, M.}, {Hoffmann, J.}},
	publisher = {Betriebswirtschaftlicher Verlag Dr.Th.Gabler},
	subtitle = {Wie Unternehmen und Personalf{\"u}hrung Gesetz und Richtlinien rechtssicher und diskriminierungsfrei umsetzten},
	title = {Das AGG in der Unternehmenspraxis},
	year = {2008}}

@manual{woehe,
	adress = {M{\"u}nchen},
	author = {W{\"o}he, G.},
	date-modified = {2021-12-11 22:16:59 +0100},
	edition = {25. Auflage},
	publisher = {Franz Vahlen},
	title = {Einf{\"u}hrung in die Allgemeine Betriebswirtschaftslehre},
	year = {2013}}

@misc{gg,
	date-modified = {2021-12-06 23:23:36 +0100},
	subtitle = {Grundgesetz der Bundesrepublik Deutschland},
	title = {GG},
	year = {1949}}


@misc{jb2020,
	address = {11018 Berlin},
	date-added = {2021-12-07 10:56:35 +0100},
	date-modified = {2021-12-07 10:59:11 +0100},
	month = {April},
	organization = {Antidiskriminierungsstelle des Bundes},
	title = {Jahresbericht 2020},
	subtitle = {Jahresbericht der Antidiskriminierungsstelle des Bundes},
	year = {2021}}